<?xml version="1.0" encoding="UTF-8"?><collection xmlns="http://www.loc.gov/MARC21/slim"><record><leader>00410nam--2200145-i-4500</leader><controlfield tag="001">000040024</controlfield><controlfield tag="002">20161230</controlfield><controlfield tag="005">20170121232543</controlfield><controlfield tag="008">060222s1000------------r-----000-0-eng-d</controlfield><datafield ind1=" " ind2=" " tag="080"><subfield code="a">615.849</subfield></datafield><datafield ind1=" " ind2=" " tag="245"><subfield code="a">Safety report series. Nr.18: Indirect meth.assesing intakes radionuclides causing occupational exposure</subfield></datafield><datafield ind1=" " ind2=" " tag="260"><subfield code="a">Vienna</subfield><subfield code="b">Iaea</subfield><subfield code="c">2000</subfield></datafield><datafield ind1=" " ind2=" " tag="300"><subfield code="a">153 p</subfield></datafield><datafield ind1=" " ind2=" " tag="852"><subfield code="a">80892</subfield></datafield><datafield ind1=" " ind2=" " tag="CAT"><subfield code="a">SYS</subfield><subfield code="c">20170121</subfield><subfield code="h">232543</subfield></datafield></record></collection>